@article{cocconi2020entropy,
  title={Entropy production in exactly solvable systems},
  author={Cocconi, Luca and Garcia-Millan, Rosalba and Zhen, Zigan and Buturca, Bianca and Pruessner, Gunnar},
  journal={Entropy (Basel)},
  volume={22},
  number={11},
  pages={1252},
  year={2020},
  publisher={Multidisciplinary Digital Publishing Institute}
}

@article{road_to_ent,
author = {Cropper,William H. },
title = {Rudolf Clausius and the road to entropy},
journal = {Am. J. Phys.},
volume = {54},
number = {12},
pages = {1068-1074},
year = {1986},
eprint = {
        https://doi.org/10.1119/1.14740

}
,
    abstract = { That Rudolf Clausius invented the entropy concept is well known, but less familiar is the argument that served as his inspiration. This paper traces the development of Clausius’ ‘‘transformation theory’’ of heat, which finally persuaded him to define the measure of transformation equivalence he called entropy. }
}

@article{clausius1856x,
  title={X. On a modified form of the second fundamental theorem in the mechanical theory of heat},
  author={Clausius, Rudolf},
  journal={Lond. Edinb. Dublin philos. mag. j. sci.},
  volume={12},
  number={77},
  pages={81--98},
  year={1856},
  publisher={Taylor \& Francis}
}

@article{thomson1851dynamical,
  title={On the dynamical theory of heat: with a numerical result deduced from Mr Joule’s equivalent of a thermal unit, and M. Regnault’s observations on steam},
  author={Thomson, William},
  journal={Proc. R. Soc. Edinb.},
  volume={3},
  pages={48--52},
  year={1851}
}

@book{blundell2008concepts,
  title={Concepts in Thermal Physics},
  author={Blundell, S. and Blundell, K.M.},
  year={2008},
  publisher={Oxford University Press}
}

@book{landau2013statistical,
  title={Statistical Physics},
  author={Landau, Lev Davidovich and Lifshitz, Evgenii Mikhailovich},
  volume={5},
  year={2013},
  publisher={Elsevier}
}

@article{BaileyKennethD2006Lsta,
year = {2006},
abstract = {Although Living Systems Theory (LST) has been widely recognized for its major contributions to scholarship in general and systems theory in particular, the full extent of its contribution has never been explicitly presented. The purpose of this paper is twofold: first to discuss LST, and then to relate it to Social Entropy Theory (SET). The paper first presents 20 major contributions of LST. This is not an exhaustive list, but is simply designed to present simultaneously the wide range of contributions made by Miller, some of which have not been sufficiently recognized nor appreciated. Miller's contributions focused upon the actions of concrete components in fulfilling the critical subsystems processes required by systems at each level. He placed less emphasis on the key systems variables such as population and technology. Fortunately, Social Entropy Theory has explicated a set of key variables. The second part of the paper discusses Social Entropy Theory, and shows how it complements and extends LST. Copyright © 2006 John Wiley & Sons, Ltd.},
author = {Bailey, Kenneth D},
address = {Chichester, UK},
copyright = {Copyright © 2006 John Wiley & Sons, Ltd.},
issn = {1099-1735},
journal = {Syst. Res. Behav. Sci.},
keywords = {limitations ; Living systems theory ; major contributions ; Miller, James Grier ; Research ; social entropy theory ; Social sciences ; Social theory ; Systems analysis ; Systems theory},
language = {eng},
number = {4},
pages = {291-300},
publisher = {John Wiley & Sons, Ltd},
title = {Living systems theory and social entropy theory},
volume = {23},
}

@book{schrodinger2012life,
  title={What is Life?},
  author={Schr\"{o}dinger, E.},
  isbn={9781107604667},
  lccn={68081857},
  year={2012},
  publisher={Cambridge University Press}
}

@article{ShannonCommunication,

  author={Shannon, C. E.},

  journal={Bell Labs Tech. J.},

  title={A mathematical theory of communication},

  year={1948},

  volume={27},

  number={3},

  pages={379-423}}

  @InCollection{sep-statphys-Boltzmann,
  	author       =	{Uffink, Jos},
  	title        =	{{Boltzmann's Work in Statistical Physics}},
  	booktitle    =	{The {Stanford} Encyclopedia of Philosophy},
  	editor       =	{Edward N. Zalta},
  	howpublished =	{\url{https://plato.stanford.edu/archives/spr2017/entries/statphys-Boltzmann/}},
  	year         =	{2017},
  	edition      =	{{S}pring 2017},
  	publisher    =	{Metaphysics Research Lab, Stanford University}
  }



@book{Cercignani1998-CERLBT-2,
	author = {Carlo Cercignani},
	title = {Ludwig Boltzmann},
	year = {1998},
	publisher = {Oxford University Press}
}

@book{parisi1998statistical,
  title={Statistical Field Theory},
  author={Parisi, G.},
  isbn={9780738200514},
  lccn={98088187},
  url={https://books.google.co.uk/books?id=bivTswEACAAJ},
  year={1998},
  publisher={Avalon Publishing}
}

@article{SchnakenbergNetwork,
  title = {Network theory of microscopic and macroscopic behavior of master equation systems},
  author = {Schnakenberg, J.},
  journal = {Rev. Mod. Phys.},
  volume = {48},
  issue = {4},
  pages = {571--585},
  numpages = {0},
  year = {1976},
  month = {Oct},
  publisher = {American Physical Society},
  doi = {10.1103/RevModPhys.48.571},
  url = {https://link.aps.org/doi/10.1103/RevModPhys.48.571}
}

@article{maes2003time,
  title={Time-reversal and entropy},
  author={Maes, Christian and Neto{\v{c}}n{\`y}, Karel},
  journal={J. Stat. Phys.},
  volume={110},
  number={1},
  pages={269--310},
  year={2003},
  publisher={Springer}
}

@article{martinez2019inferring,
  title={Inferring broken detailed balance in the absence of observable currents},
  author={Mart{\'\i}nez, Ignacio A and Bisker, Gili and Horowitz, Jordan M and Parrondo, Juan MR},
  journal={Nat. Commun.},
  volume={10},
  number={1},
  pages={1--10},
  year={2019},
  publisher={Nature Publishing Group}
}

@article{van2022thermodynamic,
  title={Thermodynamic inference in partially accessible Markov networks: A unifying perspective from transition-based waiting time distributions},
  author={van der Meer, Jann and Ertel, Benjamin and Seifert, Udo},
  journal={arXiv preprint arXiv:2203.12020},
  year={2022}
}

@article{gallavotti1995dynamical,
  title={Dynamical ensembles in stationary states},
  author={Gallavotti, Giovanni and Cohen, Ezechiel Godert David},
  journal={J. Stat. Phys.},
  volume={80},
  number={5},
  pages={931--970},
  year={1995},
  publisher={Springer}
}

@article{exten-fluctuation_thm,
  title = {Extension of the Fluctuation Theorem},
  author = {van Zon, R. and Cohen, E. G. D.},
  journal = {Phys. Rev. Lett.},
  volume = {91},
  issue = {11},
  pages = {110601},
  numpages = {4},
  year = {2003},
  month = {Sep},
  publisher = {American Physical Society},
}

@article{NESS_identify,
author = {Amann,Christian P.  and Schmiedl,Tim  and Seifert,Udo },
title = {Communications: Can one identify nonequilibrium in a three-state system by analyzing two-state trajectories?},
journal = {J. Chem. Phys.},
volume = {132},
number = {4},
pages = {041102},
year = {2010},
}


@online{LerchPhi, 
author = {Weisstein, Eric W.}, 
title = {Lerch Transcendent}, 
url = {https://mathworld.wolfram.com/LerchTranscendent.html},
urldate = {2022-07-20}
}

@article{guillera2008double,
  title={Double integrals and infinite products for some classical constants via analytic continuations of Lerch’s transcendent},
  author={Guillera, Jes{\'u}s and Sondow, Jonathan},
  journal={Ramanujan J.},
  volume={16},
  number={3},
  pages={247--270},
  year={2008},
  publisher={Springer}
}

@article{maes2003time,
  title={Time-reversal and entropy},
  author={Maes, Christian and Neto{\v{c}}n{\`y}, Karel},
  journal={J. Stat. Phys.},
  volume={110},
  number={1},
  pages={269--310},
  year={2003},
  publisher={Springer}
}

@article{gaspard2004time,
  title={Time-reversed dynamical entropy and irreversibility in Markovian random processes},
  author={Gaspard, Pierre},
  journal={J. Stat. Phys.},
  volume={117},
  number={3},
  pages={599--615},
  year={2004},
  publisher={Springer}
}

@article{pietzonka2016universal,
  title={Universal bound on the efficiency of molecular motors},
  author={Pietzonka, Patrick and Barato, Andre C and Seifert, Udo},
  journal={J. Stat. Mech.: Theory Exp.},
  volume={2016},
  number={12},
  pages={124004},
  year={2016},
  publisher={IOP Publishing}
}

@article{parrondo2002energetics,
  title={Energetics of Brownian motors: a review},
  author={Parrondo, JMR and de Cisneros, B Jim{\'e}nez},
  journal={Appl. Phys. A},
  volume={75},
  number={2},
  pages={179--191},
  year={2002},
  publisher={Springer}
}

@article{faisal2008noise,
  title={Noise in the nervous system},
  author={Faisal, A Aldo and Selen, Luc PJ and Wolpert, Daniel M},
  journal={Nat. Rev. Neurosci.},
  volume={9},
  number={4},
  pages={292--303},
  year={2008},
  publisher={Nature Publishing Group}
}

@article{eldar2010functional,
  title={Functional roles for noise in genetic circuits},
  author={Eldar, Avigdor and Elowitz, Michael B},
  journal={Nature},
  volume={467},
  number={7312},
  pages={167--173},
  year={2010},
  publisher={Nature Publishing Group}
}

@article{bustamante2005nonequilibrium,
  title={The nonequilibrium thermodynamics of small systems},
  author={Bustamante, Carlos and Liphardt, Jan and Ritort, Felix},
  journal={arXiv preprint cond-mat/0511629},
  year={2005}
}

@article{abdelmohsen2014micro,
  title={Micro-and nano-motors for biomedical applications},
  author={Abdelmohsen, Loai KEA and Peng, Fei and Tu, Yingfeng and Wilson, Daniela A},
  journal={J. Mater. Chem. B},
  volume={2},
  number={17},
  pages={2395--2408},
  year={2014},
  publisher={Royal Society of Chemistry}
}

@book{kelly2011reversibility,
  title={Reversibility and stochastic networks},
  author={Kelly, Frank P},
  year={2011},
  publisher={Cambridge University Press}
}

@article{nardini2017entropy,
  title={Entropy production in field theories without time-reversal symmetry: quantifying the non-equilibrium character of active matter},
  author={Nardini, Cesare and Fodor, {\'E}tienne and Tjhung, Elsen and Van Wijland, Fr{\'e}d{\'e}ric and Tailleur, Julien and Cates, Michael E},
  journal={Phys. Rev. X},
  volume={7},
  number={2},
  pages={021007},
  year={2017},
  publisher={APS}
}

@article{van2022thermodynamic,
  title={Thermodynamic inference in partially accessible Markov networks: A unifying perspective from transition-based waiting time distributions},
  author={van der Meer, Jann and Ertel, Benjamin and Seifert, Udo},
  journal={arXiv preprint arXiv:2203.12020},
  year={2022}
}

@article{cocconi2022scaling,
  title={Scaling of entropy production under coarse graining in active disordered media},
  author={Cocconi, Luca and Salbreux, Guillaume and Pruessner, Gunnar},
  journal={Physical Review E},
  volume={105},
  number={4},
  pages={L042601},
  year={2022},
  publisher={APS}
}

@article{frydel2022intuitive,
  title={Intuitive view of entropy production of ideal run-and-tumble particles},
  author={Frydel, Derek},
  journal={Physical Review E},
  volume={105},
  number={3},
  pages={034113},
  year={2022},
  publisher={APS}
}

@article{schnakenberg1976network,
  title={Network theory of microscopic and macroscopic behavior of master equation systems},
  author={Schnakenberg, J{\"u}rgen},
  journal={Rev. Mod. Phys},
  volume={48},
  number={4},
  pages={571},
  year={1976},
  publisher={APS}
}

@article{garcia2021run,
  title={Run-and-tumble motion in a harmonic potential: field theory and entropy production},
  author={Garcia-Millan, Rosalba and Pruessner, Gunnar},
  journal={J. Stat. Mech.: Theory Exp.},
  volume={2021},
  number={6},
  pages={063203},
  year={2021},
  publisher={IOP Publishing}
}
@article{loos2019heat,
  title={Heat flow due to time-delayed feedback},
  author={Loos, Sarah AM and Klapp, Sabine HL},
  journal={Sci. Rep.},
  volume={9},
  number={1},
  pages={1--11},
  year={2019},
  publisher={Nature Publishing Group}
}
@article{kutvonen2015entropy,
  title={Entropy production in a non-Markovian environment},
  author={Kutvonen, Aki and Ala-Nissila, Tapio and Pekola, Jukka},
  journal={Physical Review E},
  volume={92},
  number={1},
  pages={012107},
  year={2015},
  publisher={APS}
}

@article{busiello2019entropy,
  title={Entropy production for coarse-grained dynamics},
  author={Busiello, Daniel M and Hidalgo, Jorge and Maritan, Amos},
  journal={New J. Phys.},
  volume={21},
  number={7},
  pages={073004},
  year={2019},
  publisher={IOP Publishing}
}

@book{WulfLiegroups,
author = {Rossmann, Wulf},
booktitle = {Lie groups},
isbn = {0199202516},
keywords = {Lie groups},
publisher = {Oxford University Press},
title = {Lie groups},
year = {2002},
}

@article{cohen1982eigenvalue,
  title={Eigenvalue inequalities for products of matrix exponentials},
  author={Cohen, Joel E and Friedland, Shmuel and Kato, Tosio and Kelly, Frank P},
  journal={Linear Algebra Its Appl.},
  volume={45},
  pages={55--95},
  year={1982},
  publisher={Elsevier}
}
@article{friedland1994product,
  title={On the product of matrix exponentials},
  author={Friedland, Shmuel and So, Wasin},
  journal={Linear Algebra Its Appl.},
  volume={196},
  pages={193--205},
  year={1994},
  publisher={Elsevier}
}

@article{capitaine1995onsager,
  title={Onsager-Machlup functional for some smooth norms on Wiener space},
  author={Capitaine, Mireille},
  journal={Probab. Theory Relat. Fields},
  volume={102},
  number={2},
  pages={189--201},
  year={1995},
  publisher={Springer}
}
@book{ikeda1989stochastic,
  title={Stochastic Differential Equations and Diffusion Processes},
  author={Ikeda, N. and Watanabe, S.},
  isbn={9780444873781},
  lccn={89212869},
  url={https://books.google.co.uk/books?id=ZuYmAQAAIAAJ},
  year={1989},
  publisher={North-Holland}
}

@misc{XuMeiMarkov,
  author        = {Martin Hairer and Xue-Mei Li},
  title         = {Lecture Notes on Markov Processes},
  year          = {2022},
  publisher={Imperial College London},
  url = {https://www.xuemei.org/Markov-Process-2021-Xue-Mei-Li.pdf}
}

@article{hottovy2019small,
  title={A small delay and correlation time limit of stochastic differential delay equations with state-dependent colored noise},
  author={Hottovy, Scott and McDaniel, Austin and Wehr, Jan},
  journal={J. Stat. Phys.},
  volume={175},
  number={1},
  pages={19--46},
  year={2019},
  publisher={Springer}
}
@book{kolmanovskii2013introduction,
  title={Introduction to the theory and applications of functional differential equations},
  author={Kolmanovskii, V and Myshkis, Anatoliy},
  volume={463},
  year={2013},
  publisher={Springer Science \& Business Media}
}
@article{richard2003time,
  title={Time-delay systems: an overview of some recent advances and open problems},
  author={Richard, Jean-Pierre},
  journal={automatica},
  volume={39},
  number={10},
  pages={1667--1694},
  year={2003},
  publisher={Elsevier}
}
@book{durrett2019probability,
  title={Probability},
  author={Durrett, R.},
  isbn={9781108473682},
  lccn={2018047195},
  url={https://books.google.co.uk/books?id=b22MDwAAQBAJ},
  year={2019},
  publisher={Cambridge University Press}
}

@article{stroock1969diffusion,
  title={Diffusion processes with continuous coefficients, I},
  author={Stroock, Daniel W and Varadhan, Srinivasa RS},
  journal={Commun. Pure Appl. Math.},
  volume={22},
  number={3},
  pages={345--400},
  year={1969},
  publisher={Wiley Online Library}
}
@article{esposito2012stochastic,
  title={Stochastic thermodynamics under coarse graining},
  author={Esposito, Massimiliano},
  journal={Physical Review E},
  volume={85},
  number={4},
  pages={041125},
  year={2012},
  publisher={APS}
}

@book{peliti2021stochastic,
  title={Stochastic Thermodynamics},
  author={Peliti, Luca and Pigolotti, Simone},
  year={2021},
  publisher={Princeton University Press}
}
@article{sevick2008fluctuation,
  title={Fluctuation theorems},
  author={Sevick, Edith M and Prabhakar, Ranganathan and Williams, Stephen R and Searles, Debra J},
  journal={Annu. Rev. Phys. Chem.},
  volume={59},
  pages={603--633},
  year={2008},
  publisher={Annual Reviews}
}

@book{gardiner1985handbook,
  title={Handbook of stochastic methods},
  author={Crispin W Gardiner},
  year={1985},
  publisher={springer Berlin}
}

@article{seifert2012stochastic,
  title={Stochastic thermodynamics, fluctuation theorems and molecular machines},
  author={Seifert, Udo},
  journal={Rep. Prog. Phys.},
  volume={75},
  number={12},
  pages={126001},
  year={2012},
  publisher={IOP Publishing}
}

@article{strick2000twisting,
  title={Twisting and stretching single DNA molecules},
  author={Strick, Terence and Allemand, Jean-Fran{\c{c}}ois and Croquette, Vincent and Bensimon, David},
  journal={Prog. Biophys. Mol. Biol},
  volume={74},
  number={1-2},
  pages={115--140},
  year={2000},
  publisher={Elsevier}
}

@article{wehrl1978general,
  title={General properties of entropy},
  author={Wehrl, Alfred},
  journal={Rev. Mod. Phys},
  volume={50},
  number={2},
  pages={221},
  year={1978},
  publisher={APS}
}

@article{bein2006entropy,
  title={Entropy},
  author={Bein, Berthold},
  journal={Best Pract. Res. Clin. Anaesthesiol},
  volume={20},
  number={1},
  pages={101--109},
  year={2006},
  publisher={Elsevier}
}

@article{bechinger2016active,
  title={Active particles in complex and crowded environments},
  author={Bechinger, Clemens and Di Leonardo, Roberto and L{\"o}wen, Hartmut and Reichhardt, Charles and Volpe, Giorgio and Volpe, Giovanni},
  journal={Rev. Mod. Phys},
  volume={88},
  number={4},
  pages={045006},
  year={2016},
  publisher={APS}
}
@article{poon2013clarkia,
  title={From Clarkia to Escherichia and Janus: The physics of natural and synthetic active colloids},
  author={Poon, WCK},
  journal={Proc. Int. Sch. Phys. Enrico Fermi},
  volume={184},
  pages={317--386},
  year={2013}
}

@article{tribus1971energy,
  title={Energy and information},
  author={Tribus, Myron and McIrvine, Edward C},
  journal={Sci. Am.},
  volume={225},
  number={3},
  pages={179--190},
  year={1971},
  publisher={JSTOR}
}
@book{kolmogorov2012elements,
  title={Elements of the Theory of Functions and Functional Analysis},
  author={Kolmogorov, A.N. and Fomin, S.V.},
  url={https://books.google.co.uk/books?id=fcy-vwEACAAJ},
  year={2012},
  publisher={Martino Publishing}
}

@book{higham2008functions,
  title={Functions of matrices},
  author={Higham, Nicholas J},
  year={2008},
  publisher={SIAM}
}

@misc{XueMeiAltman2020, 
title = {Lecture Notes on Measure and Integration},
author = {Xue-Mei Li and Henri E. Altman},
year = {2020}, 
publisher = {Imperial College London}
}










