





@article{Trench,
author = {Trench, William F.},
title = {An Algorithm for the Inversion of Finite Toeplitz Matrices},
journal = {Journal of the Society for Industrial and Applied Mathematics},
volume = {12},
number = {3},
pages = {515-522},
year = {1964},
doi = {10.1137/0112045},

URL = {
        https://doi.org/10.1137/0112045

},
eprint = {
        https://doi.org/10.1137/0112045

}

}

@article{Zohar,
author = {Zohar, Shalhav},
title = {Toeplitz Matrix Inversion: The Algorithm of W. F. Trench},
year = {1969},
issue_date = {Oct. 1969},
publisher = {Association for Computing Machinery},
address = {New York, NY, USA},
volume = {16},
number = {4},
issn = {0004-5411},
url = {https://doi.org/10.1145/321541.321549},
doi = {10.1145/321541.321549},
abstract = {The algorithm of W. F. Trench for the inversion of Toeplitz matrices is presented with a detailed proof for the case of non-Hermitian matrices. The only condition necessary to insure the validity of the algorithm is that all principal minors be nonzero.},
journal = {J. ACM},
month = oct,
pages = {592â€“601},
numpages = {10}
}

@article{R.Mathias,
author = {Mathias, Roy},
title = {Approximation of Matrix-Valued Functions},
journal = {SIAM Journal on Matrix Analysis and Applications},
volume = {14},
number = {4},
pages = {1061-1063},
year = {1993},
doi = {10.1137/0614070},

URL = {
        https://doi.org/10.1137/0614070

},
eprint = {
        https://doi.org/10.1137/0614070

}

}

@article{Bornemann2011,
author = {Bornemann, F.},
title = {Accuracy and Stability of Computing Higher-Order Derivative of
Analytic Functions by Cauchy Integrals},
journal = {Foundations of Computational Mathematics},
volume = {11},
pages = {1-63},
year = {2011},
doi = {10.1007/s10208-010-9075-z},
URL = {https://doi.org/10.1007/s10208-010-9075-z}
}

@article{tveit2003complexity,
  title={On the complexity of matrix inversion},
  author={Tveit, Amund},
  journal={Mathematical Note},
  pages={1},
  year={2003},
  publisher={Norwegian University of Science and Technology, Trondheim}
}


@book{Higham,
author = {Higham, Nicholas J.},
address = {Philadelphia, Pa},
booktitle = {Functions of matrices : theory and computation},
isbn = {9780898716467},
keywords = {Matrices},
language = {eng},
publisher = {Society for Industrial & Applied Mathematics ;},
title = {Functions of matrices : theory and computation },
year = {2008},
}
